<?xml version='1.0' encoding='utf-8'?>
<record xmlns="http://www.loc.gov/MARC21/slim" xmlns:xsi="http://www.w3.org/2001/XMLSchema-instance">
  <leader>00000cas^a2200385^a^4500</leader>
  <controlfield tag="001">003992711</controlfield>
  <controlfield tag="005">20070523084949.0</controlfield>
  <controlfield tag="008">981009d19691971miuqx^p^^^^^^^0^^^a0eng^d</controlfield>
  <datafield tag="010" ind1=" " ind2=" ">
    <subfield code="a">sn 95023469</subfield>
  </datafield>
  <datafield tag="035" ind1=" " ind2=" ">
    <subfield code="a">(OCoLC)ocm11166056</subfield>
  </datafield>
  <datafield tag="035" ind1=" " ind2=" ">
    <subfield code="9">(UL)AQV8577</subfield>
  </datafield>
  <datafield tag="040" ind1=" " ind2=" ">
    <subfield code="a">WIH</subfield>
    <subfield code="c">WIH</subfield>
    <subfield code="d">EYM</subfield>
    <subfield code="d">MiU-H</subfield>
  </datafield>
  <datafield tag="042" ind1=" " ind2=" ">
    <subfield code="a">lcd</subfield>
  </datafield>
  <datafield tag="043" ind1=" " ind2=" ">
    <subfield code="a">n-us-mi</subfield>
    <subfield code="a">n-us---</subfield>
  </datafield>
  <datafield tag="130" ind1="0" ind2=" ">
    <subfield code="a">Broken arrow (Detroit, Mich.)</subfield>
  </datafield>
  <datafield tag="245" ind1="0" ind2="0">
    <subfield code="a">Broken arrow.</subfield>
  </datafield>
  <datafield tag="260" ind1=" " ind2=" ">
    <subfield code="a">Detroit, Mich. :</subfield>
    <subfield code="b">Broken Arrow,</subfield>
    <subfield code="c">[1969]-1971.</subfield>
  </datafield>
  <datafield tag="300" ind1=" " ind2=" ">
    <subfield code="a">2 v. :</subfield>
    <subfield code="b">ill. ;</subfield>
    <subfield code="c">22-36 cm.</subfield>
  </datafield>
  <datafield tag="310" ind1=" " ind2=" ">
    <subfield code="a">3 to 4 times a year,</subfield>
    <subfield code="b">1970-1971</subfield>
  </datafield>
  <datafield tag="321" ind1=" " ind2=" ">
    <subfield code="a">Eight times a year,</subfield>
    <subfield code="b">1969</subfield>
  </datafield>
  <datafield tag="362" ind1="0" ind2=" ">
    <subfield code="a">[Vol. 1, no. 1]-v. 2, no. 6 (Apr. 5, 1971).</subfield>
  </datafield>
  <datafield tag="500" ind1=" " ind2=" ">
    <subfield code="a">"Published underground--for and by G.I.'s at Selfridge Air Force Base--dedicated to free speech and the struggle for our rights."</subfield>
  </datafield>
  <datafield tag="500" ind1=" " ind2=" ">
    <subfield code="a">Published at: Mt. Clemens, Mich., 1970-1971.</subfield>
  </datafield>
  <datafield tag="500" ind1=" " ind2=" ">
    <subfield code="a">Title from caption.</subfield>
  </datafield>
  <datafield tag="515" ind1=" " ind2=" ">
    <subfield code="a">First issue unnumbered and undated, published July 1969?</subfield>
  </datafield>
  <datafield tag="530" ind1=" " ind2=" ">
    <subfield code="a">Issued on microfilm by the State Historical Society of Wisconsin.</subfield>
  </datafield>
  <datafield tag="650" ind1=" " ind2="0">
    <subfield code="a">Vietnam War, 1961-1975</subfield>
    <subfield code="x">Protest movements</subfield>
    <subfield code="z">Michigan</subfield>
    <subfield code="v">Periodicals.</subfield>
  </datafield>
  <datafield tag="651" ind1=" " ind2="0">
    <subfield code="a">Selfridge Air National Guard Base (Mich.)</subfield>
    <subfield code="v">Periodicals.</subfield>
  </datafield>
  <datafield tag="650" ind1=" " ind2="0">
    <subfield code="a">Soldiers</subfield>
    <subfield code="z">United States</subfield>
    <subfield code="x">Political activity</subfield>
    <subfield code="v">Periodicals.</subfield>
  </datafield>
  <datafield tag="650" ind1=" " ind2="0">
    <subfield code="a">Vietnam War, 1961-1975</subfield>
    <subfield code="x">Protest movements</subfield>
    <subfield code="z">United States</subfield>
    <subfield code="v">Periodicals.</subfield>
  </datafield>
  <datafield tag="655" ind1=" " ind2="7">
    <subfield code="a">Underground press</subfield>
    <subfield code="z">Michigan</subfield>
    <subfield code="z">Detroit.</subfield>
  </datafield>
  <datafield tag="655" ind1=" " ind2="7">
    <subfield code="a">Underground press</subfield>
    <subfield code="z">Michigan</subfield>
    <subfield code="z">Mount Clemens.</subfield>
  </datafield>
  <datafield tag="852" ind1="8" ind2=" ">
    <subfield code="a">MiU-H</subfield>
    <subfield code="b">BENT</subfield>
    <subfield code="h">9865 Aa 2</subfield>
  </datafield>
  <datafield tag="998" ind1=" " ind2=" ">
    <subfield code="c">LAC</subfield>
  </datafield>
  <datafield tag="955" ind1=" " ind2=" ">
    <subfield code="b">BENT</subfield>
    <subfield code="p">B1698808</subfield>
  </datafield>
</record>
